<record><leader>00000cas a22000007a 4500</leader><controlfield tag="001">28726153</controlfield><controlfield tag="008">930831d19uu19uunmuwr ne      0    0eng d</controlfield><datafield ind1=" " ind2=" " tag="010"><subfield code="a">sn 93061708 </subfield></datafield><datafield ind1=" " ind2=" " tag="040"><subfield code="a">NVM</subfield><subfield code="b">eng</subfield><subfield code="c">NVM</subfield><subfield code="d">OCLCQ</subfield></datafield><datafield ind1=" " ind2=" " tag="042"><subfield code="a">msc</subfield></datafield><datafield ind1=" " ind2=" " tag="043"><subfield code="a">n-us-nm</subfield></datafield><datafield ind1="0" ind2=" " tag="130"><subfield code="a">Torrance County news (Estancia, N.M. : 1952)</subfield></datafield><datafield ind1="1" ind2="0" tag="245"><subfield code="a">Torrance County news.</subfield></datafield><datafield ind1=" " ind2=" " tag="260"><subfield code="a">Estancia, N.M. :</subfield><subfield code="b">[R.L. &amp; Juanita Scott]</subfield></datafield><datafield ind1=" " ind2=" " tag="300"><subfield code="a">v.</subfield></datafield><datafield ind1=" " ind2=" " tag="310"><subfield code="a">Weekly</subfield></datafield><datafield ind1=" " ind2=" " tag="500"><subfield code="a">Later published in Mountainair, N.M.</subfield></datafield><datafield ind1=" " ind2=" " tag="515"><subfield code="a">Numbering is irregular.</subfield></datafield><datafield ind1=" " ind2=" " tag="530"><subfield code="a">Also on microfilm: Albuquerque, N.M. : University of New Mexico Library.</subfield></datafield><datafield ind1=" " ind2=" " tag="588"><subfield code="a">Description based on: Vol. 18, no. 69 (Oct. 18, 1952).</subfield></datafield><datafield ind1=" " ind2="4" tag="651"><subfield code="a">Mountainair (N.M.)</subfield><subfield code="v">Newspapers.</subfield></datafield><datafield ind1=" " ind2="4" tag="651"><subfield code="a">Estancia (N.M.)</subfield><subfield code="v">Newspapers.</subfield></datafield><datafield ind1=" " ind2="4" tag="651"><subfield code="a">Torrance County (N.M.)</subfield><subfield code="v">Newspapers.</subfield></datafield><datafield ind1=" " ind2=" " tag="752"><subfield code="a">United States</subfield><subfield code="b">New Mexico</subfield><subfield code="c">Torrance</subfield><subfield code="d">Mountainair.</subfield></datafield><datafield ind1="0" ind2="5" tag="780"><subfield code="t">Progressive (Mountainair, N.M.)</subfield></datafield><datafield ind1="0" ind2="5" tag="780"><subfield code="t">Independent (Mountainair, N.M.)</subfield><subfield code="w">(DLC)sn 93061707</subfield></datafield><datafield ind1="1" ind2=" " tag="029"><subfield code="a">AU@</subfield><subfield code="b">000025871092</subfield></datafield></record>